[gd_scene load_steps=4 format=2]

[ext_resource path="res://scenes/actors/base/TurretPlatform.tscn" type="PackedScene" id=1]
[ext_resource path="res://assets/towers/tower-defense-top-down/platform1.png" type="Texture" id=2]
[ext_resource path="res://scenes/actors/towers/TestTower.tscn" type="PackedScene" id=3]

[node name="TestTurretPlatform" instance=ExtResource( 1 )]

[node name="Platform" parent="." index="0"]
position = Vector2( 0.000244111, -0.274002 )
scale = Vector2( 0.143266, 0.134603 )
texture = ExtResource( 2 )

[node name="TestTower" parent="Platform" index="0" instance=ExtResource( 3 )]
position = Vector2( -14.9136, -20.1061 )
scale = Vector2( 0.25, 0.25 )
damage = 5.0

[node name="TestTower4" parent="Platform" index="1" instance=ExtResource( 3 )]
position = Vector2( 18.7328, -19.7905 )
scale = Vector2( 0.25, 0.25 )
damage = 5.0

[node name="TestTower3" parent="Platform" index="2" instance=ExtResource( 3 )]
position = Vector2( -14.959, 14.3488 )
scale = Vector2( 0.25, 0.25 )
damage = 5.0

[node name="TestTower2" parent="Platform" index="3" instance=ExtResource( 3 )]
position = Vector2( 20.4993, 14.98 )
scale = Vector2( 0.25, 0.25 )
damage = 5.0
